@article{campo2022clasificacion,
  title={Clasificaci{\'o}n y cuantificaci{\'o}n de espectros Raman de la misi{\'o}n MARS 2020 de la NASA: un caso de estudio con olivinos},
  author={Campo Mu{\~n}oz, Tom{\'a}s del and others},
  year={2022}
}

@article{carlos2023factores,
  title={Factores de riesgo que influyen en el crecimiento bacteriano (Escherichia coli y Staphylococcus aureus) en trucha arco{\'\i}ris (Oncorhynchus mykiss) comercializado en los principales mercados de Hu{\'a}nuco--2023},
  author={Carlos Chavez, Betzabe Natali},
  year={2023},
  publisher={Universidad Nacional Hermilio Valdiz{\'a}n}
}

@article{campillo2021arquitecturas,
  title={Arquitecturas desenchufadas. Utop{\'\i}as contempor{\'a}neas. Marte. El viaje no es el problema},
  author={Campillo de Andr{\'e}s, Cristina},
  year={2021}
}

@inproceedings{meeker2021twin,
  title={The Twin decadal survey testbeds in the high contrast imaging testbed facility at NASA’s jet propulsion laboratory},
  author={Meeker, Seth R and Noyes, Matthew and Tang, Hong and Ruane, Garreth and Prada, Camilo Mejia and Bendek, Eduardo and Baxter, Wesley and Crill, Brendan and Riggs, AJ Eldorado and Poon, Phillip K and others},
  booktitle={Techniques and Instrumentation for Detection of Exoplanets X},
  volume={11823},
  pages={322--334},
  year={2021},
  organization={SPIE}
}

@article{bell2021mars,
  title={The Mars 2020 perseverance rover mast camera zoom (Mastcam-Z) multispectral, stereoscopic imaging investigation},
  author={Bell, JF and Maki, JN and Mehall, GL and Ravine, MA and Caplinger, MA and Bailey, ZJ and Brylow, S and Schaffner, JA and Kinch, KM and Madsen, MB and others},
  journal={Space science reviews},
  volume={217},
  pages={1--40},
  year={2021},
  publisher={Springer}
}

@article{pardo2020geologia,
  title={Geolog{\'\i}a de marte: un planeta f{\'o}sil},
  author={Pardo-Ig{\'u}zquiza, Eulogio and Dur{\'a}n Valsero, Juan Jos{\'e}},
  year={2020},
  publisher={CSIC-Instituto Geol{\'o}gico y Minero de Espa{\~n}a (IGME)}
}

@article{hoffman2022mars,
  title={Mars oxygen ISRU experiment (MOXIE)—preparing for human mars exploration},
  author={Hoffman, Jeffrey A and Hecht, Michael H and Rapp, Donald and Hartvigsen, Joseph J and SooHoo, Jason G and Aboobaker, Asad M and McClean, John B and Liu, Andrew M and Hinterman, Eric D and Nasr, Maya and others},
  journal={Science Advances},
  volume={8},
  number={35},
  pages={eabp8636},
  year={2022},
  publisher={American Association for the Advancement of Science}
}

@article{allwood2021pixl,
  title={The PIXL instrument on the mars 2020 perseverance rover},
  author={Allwood, Abigail C and Hurowitz, Joel A and Clark, Benton C and Cinquini, Luca and Davidoff, Scott and Denise, Robert W and Elam, W Timothy and Foote, Marc C and Flannery, David T and Gerhard, James H and others},
  journal={arXiv preprint arXiv:2103.07001},
  year={2021}
}

@article{abdugafforovna2023modules,
  title={Modules and Functions in the Python Programming Language},
  author={Abdugafforovna, Alimova Rayhon},
  journal={Texas Journal of Multidisciplinary Studies},
  volume={18},
  pages={49--54},
  year={2023}
}

@article{thaker2020python,
  title={Python as multi paradigm programming language},
  author={Thaker, Nimit and Shukla, Abhilash},
  journal={International Journal of Computer Applications},
  volume={177},
  number={31},
  pages={38--42},
  year={2020}
}

@article{banchs1997simulated,
  title={Simulated annealing},
  author={Banchs, Rafael E},
  journal={Research progress report, on Time Harmonic Field Electric Logging Austin, University of Texas at Austin},
  year={1997}
}

@inproceedings{hamran2015rimfax,
  title={RIMFAX: A GPR for the Mars 2020 rover mission},
  author={Hamran, Svein-Erik and Berger, Tor and Brovoll, Sverre and Damsg{\aa}rd, Leif and Helleren, {\O}ystein and {\O}yan, Mats J{\o}rgen and Amundsen, Hans Erik and Carter, Lynn and Ghent, Rebecca and Kohler, Jack and others},
  booktitle={2015 8th International Workshop on Advanced Ground Penetrating Radar (IWAGPR)},
  pages={1--4},
  year={2015},
  organization={IEEE}
}

@inproceedings{beegle2016sherloc,
  title={SHERLOC: an investigation for Mars 2020},
  author={Beegle, Luther and Bhartia, Rohit},
  booktitle={EGU General Assembly Conference Abstracts},
  pages={EPSC2016--11215},
  year={2016}
}

@article{leighton2021thoughts,
  title={Thoughts on the sounds of Mars from NASA’s Mars perseverance},
  author={Leighton, Timothy},
  journal={Acoustics Bulletin},
  volume={45},
  number={3},
  pages={22--28},
  year={2021}
}

@article{luc1990cooperation,
  title={Cooperation between distributed agents through self-organization},
  author={Luc, Steels},
  journal={Decentrailzed AI},
  pages={175--196},
  year={1990}
}

@article{maurice2021supercam,
  title={The SuperCam instrument suite on the Mars 2020 rover: Science objectives and mast-unit description},
  author={Maurice, Sylvestre and Wiens, Roger Craig and Bernardi, Pernelle and Ca{\"\i}s, Philippe and Robinson, S and Nelson, T and Gasnault, Olivier and Reess, J-M and Deleuze, Muriel and Rull, Fernando and others},
  journal={Space Science Reviews},
  volume={217},
  pages={1--108},
  year={2021},
  publisher={Springer}
}