@article{cafe2021efectos,
  title={Efectos del consumo de caf{\'e} sobre la salud},
  author={Leyva, Berlis G{\'o}mez and Armas, Mar{\'\i}a Teresa D{\'\i}az and Cabodevilla, Regla Cristina Vald{\'e}s and Cruz, Manuel Alejandro Miguel},
  journal={MediSur},
  volume={19},
  number={3},
  pages={492--502},
  year={2021}
}
@article{cafe2010salud,
  title={Caf{\'e}, cafe{\'\i}na vs. Salud Revisi{\'o}n de los efectos del consumo de caf{\'e} en la salud},
  author={Ram{\'\i}rez Prada, Dianna Mayrene},
  journal={Universidad y Salud},
  volume={12},
  number={1},
  pages={156--167},
  year={2010},
  publisher={Universidad de Nari{\~n}o}
}
@article{cafe2007verdades,
  title={Algunas verdades sobre el caf{\'e}},
  author={Gotteland, Mart{\'\i}n and De Pablo, Saturnino},
  journal={Revista chilena de nutrici{\'o}n},
  volume={34},
  number={2},
  pages={105--115},
  year={2007},
  publisher={SciELO Chile}
}
