@book{stephens2013essential,
    title={Essential algorithms: a practical approach to computer algorithms},
    author={Stephens, Rod},
    year={2013},
    publisher={John Wiley \& Sons}
}

@book{alvarez2020,
    title     = {Pero querías ser doctor},
    author    = {Álvarez Yeomans, Daniel},
    year      = {2020},
    publisher = {Editorial Paperback}
}